@article{andrews1991empirical,
    author = {Donald~W.K Andrews},
    title = {An Empirical Process Central Limit Theorem for Dependent Non-identically Distributed Random
             Variables},
    journal = {Journal of Multivariate Analysis},
    volume = {38},
    number = {2},
    pages = {187--203},
    year = {1991},
    issn = {0047-259X},
    doi = {https://doi.org/10.1016/0047-259X(91)90039-5},
    url = {http://www.sciencedirect.com/science/article/pii/0047259X91900395},
}

@article{andrews2014Gmm, 
    title={{GMM} Estimation and Uniform Subvector Inference with Possible Identification Failure}, 
    volume={30}, 
    DOI={10.1017/S0266466613000315}, 
    number={2},
    journal={Econometric Theory}, 
    publisher={Cambridge University Press},
    author={Andrews, Donald~W.K. and Cheng, Xu}, 
    year={2014}, 
    pages={287-â€“333}
}

@report{khrapov2016affine,
  title={Affine Option Pricing Model in Discrete Time},
  author={Khrapov, Stanislav and Renault, Eric},
  year={2016},
  institution={Brown University}
}


@incollection{newey1994large,
    title = {Large Sample Estimation and Hypothesis Testing},
    series = {Handbook of Econometrics},
    publisher = {Elsevier},
    volume = {4},
    number = {Chapter 36},
    pages = {2111--2245},
    year = {1994},
    author = {Newey, Whitney~K. and McFadden, Daniel}
}
